@book{CatacoraSI,
  author    = {Fernando Catacora},
  title     = {Sistemas de Información Contable},
  year      = {2017},
  publisher = {Editorial Prentice Hall},
  address   = {México, D.F.},
  language  = {Español},
  isbn      = {978-970-26-0895-5},
}
@book{HallSIC,
  author    = {James A. Hall},
  title     = {Sistemas de Información Contable: Un Enfoque Práctico},
  year      = {2010},
  publisher = {Editorial Cengage Learning},
  address   = {México, D.F.},
  language  = {Español},
  isbn      = {978-607-481-083-6},
}
@book{HorngrenCC,
  author    = {Charles T. Horngren},
  title     = {Contabilidad de Costos},
  year      = {2012},
  publisher = {Editorial Pearson},
  address   = {México, D.F.},
  language  = {Español},
  isbn      = {978-970-26-1379-9},
}
@book{GuajardoCF,
  author    = {Gerardo Guajardo Cantú},
  title     = {Contabilidad Financiera},
  year      = {2018},
  publisher = {Editorial McGraw-Hill},
  address   = {México, D.F.},
  language  = {Español},
  isbn      = {978-607-15-1219-3},
}
@book{WarrenRF,
  author    = {Warren, Reeve, y Duchac},
  title     = {Contabilidad Financiera},
  year      = {2013},
  publisher = {Editorial Cengage Learning},
  address   = {México, D.F.},
  language  = {Español},
  isbn      = {978-607-481-210-6},
}
